
@techreport{xu_system-level_2021,
	title = {{System-level Impacts of 24/7 Carbon-free Electricity Procurement}},
	author = {Xu, Qingyu and Manocha, Aneesha and Patankar, Neha and Jenkins, Jesse D.},
	url = {https://zenodo.org/record/6229426},
	doi = {10.5281/zenodo.6229426},
	language = {en},
	urldate = {2023-04-03},
	month = nov,
	year = {2021},
	file = {Full Text PDF:/home/iegor/snap/zotero-snap/common/Zotero/storage/6D5A6BKL/Xu et al. - 2021 - System-level Impacts of 247 Carbon-free Electrici.pdf:application/pdf},
}